@article{beraha2021,
  title={JAGS, NIMBLE, Stan: a detailed comparison among Bayesian MCMC software},
  author={Beraha, Mario and Falco, Daniele and Guglielmi, Alessandra},
  journal={arXiv preprint arXiv:2107.09357},
  year={2021}
}

@book{agresti2003CDA,
  title={Categorical data analysis},
  author={Agresti, Alan},
  volume={482},
  year={2003},
  publisher={John Wiley \& Sons}
}

@article{cowles1996,
  title={Markov chain Monte Carlo convergence diagnostics: a comparative review},
  author={Cowles, Mary Kathryn and Carlin, Bradley P},
  journal={Journal of the American Statistical Association},
  volume={91},
  number={434},
  pages={883--904},
  year={1996},
  publisher={Taylor \& Francis}
}

@book{efron2016CASI,
  title={Computer Age Statistical Inference},
  author={Efron, Bradley and Hastie, Trevor},
  volume={5},
  year={2016},
  publisher={Cambridge University Press}
}